<?xml version="1.0" encoding="UTF-8"?><collection xmlns="http://www.loc.gov/MARC21/slim"><record><leader>00531nam--2200181-i-4500</leader><controlfield tag="001">000036829</controlfield><controlfield tag="002">20161230</controlfield><controlfield tag="005">20161230201041</controlfield><controlfield tag="008">060222s1000------------r-----000-0-fre-d</controlfield><datafield ind1=" " ind2=" " tag="040"><subfield code="a">IFIN-HH</subfield></datafield><datafield ind1=" " ind2=" " tag="041"><subfield code="a">fre</subfield></datafield><datafield ind1=" " ind2=" " tag="080"><subfield code="a">539.1.074.3:539.126.6(043)</subfield></datafield><datafield ind1="1" ind2=" " tag="100"><subfield code="a">Poggioli, Luc</subfield></datafield><datafield ind1="1" ind2="0" tag="245"><subfield code="a">Etude du detecteur avant de cello, application a la recherche d`une resonance hadronique</subfield><subfield code="b">These</subfield><subfield code="c">Luc poggioli</subfield></datafield><datafield ind1=" " ind2=" " tag="260"><subfield code="a">Orsay</subfield><subfield code="b">Universite Paris-sud</subfield><subfield code="c">1981</subfield></datafield><datafield ind1=" " ind2=" " tag="300"><subfield code="a">158P</subfield></datafield><datafield ind1=" " ind2=" " tag="852"><subfield code="a">70649</subfield><subfield code="c">539.12</subfield></datafield><datafield ind1=" " ind2=" " tag="CAT"><subfield code="a">Sys</subfield><subfield code="c">20111209</subfield><subfield code="h">105742</subfield></datafield></record></collection>